@Article{rugis,
    author  = "John Rugis, Reinhard Klette",
    title   = "Surface Curvature Extraction for 3D Image Analysis or Surface Rendering"}

@Article{taubin,
    author  = "Gabriel Taubin",
    title   = "Estimating the Tensor of Curvature of a Surface from a Polyhedral Approximation"}
